@inproceedings{Isola2011,
    author="Phillip Isola and Jianxiong Xiao and Antonio Torralba and Aude Oliva", 
    title="What makes an image memorable?", 
    booktitle="IEEE Conference on Computer Vision and Pattern Recognition (CVPR)", 
    year="2011",
    pages="145-152"
}

@inproceedings{IsolaParikhTorralbaOliva2011,
   author="Phillip Isola and Devi Parikh and Antonio Torralba and Aude Oliva", 
   title="Understanding the intrinsic memorability of images", 
   booktitle="Advances in Neural Information Processing Systems (NIPS)", 
   year="2011"
}

@online{BBCDress2015, 
    title={Optical illusion: Dress colour debate goes global}, 
    url={https://www.bbc.com/news/uk-scotland-highlands-islands-31656935}, 
    author={BBC},
    journal={BBC News}, 
    publisher={BBC}, 
    year={2015}
} 

@online{gambino_2012,
    author={Gambino, Megan},  
    title={Lunch atop a skyscraper photograph: The story behind the famous shot}, 
    journal={Smithsonian Magazine}, 
    publisher={Smithsonian Institution}, 
    year={2012},
    day={19},
    url={https://www.smithsonianmag.com/history/lunch-atop-a-skyscraper-photograph-the-story-behind-the-famous-shot-43931148/},
} 

@article{isola2014memorability,
  title={What makes a photograph memorable?},
  author={Isola, Phillip and Xiao, Jianxiong and Parikh, Devi and Torralba, Antonio and Oliva, Aude},
  journal={Pattern Analysis and Machine Intelligence, IEEE Transactions on},
  volume={36},
  number={7},
  pages={1469--1482},
  year={2014},
  publisher={IEEE}
}

@ARTICLE{VischemaPaper,
  author={Akagunduz, Erdem and Bors, Adrian G. and Evans, Karla K.},
  journal={IEEE Transactions on Pattern Analysis and Machine Intelligence}, 
  title={Defining Image Memorability Using the Visual Memory Schema}, 
  year={2020},
  volume={42},
  number={9},
  pages={2165-2178},
}

@ARTICLE{BrenerMemorySpan,
  author={Brener, Roy},
  journal={Journal of Experimental Psychology},
  title={An experimental investigation of memory span}, 
  year={1940},
  volume={26},
  number={5},
  pages={467-482},
}

@ARTICLE{NickersonShortTermMemory,
    title	= {SHORT-TERM MEMORY FOR COMPLEX MEANINGFUL VISUAL CONFIGURATIONS: A DEMONSTRATION OF CAPACITY.},
    author	= {Nickerson, Raymond S.},
    journal	= {Canadian journal of psychology},	
    journal-iso	= {Can J Psychol},
    volume	= {19},
    year	= {1965},
    month	= {6},
    pages	= {155--60}
}

@article{ShepardRecognition
,	year	= {1967}
,	title	= {Recognition memory for words, sentences, and pictures}
,	journal	= {Journal of Verbal Learning and Verbal Behaviour}
,	volume	= {6}
,	pages	= {156-163}
,	author	= {Shepard, Roger N.}
}

% Double check
@article{standing10000pictures
,	year	= {1973}
,	title	= {Learning 10,000 pictures}
,	journal	= {Quarterly Journal of Experimental Psychology}
,	volume	= {25}
,	pages	= {207-222}
,	author	= {Standing, L.}
}

% Double check
@article{brady2008visual
,	title	= {Visual long-term memory has a massive storage capacity for object details}
,	author	= {Brady, Timothy F and Konkle, Talia and Alvarez, George A and Oliva, Aude}
,	journal	= {Proceedings of the National Academy of Sciences}
,	volume	= {105}
,	number	= {38}
,	pages	= {14325--14329}
,	year	= {2008}
,	publisher	= {National Acad Sciences}
}

@article{KonkleDistinct
,	title	= {Conceptual distinctiveness supports detailed visual long-term memory for real-world objects.}
,	author	= {Konkle, Talia and Brady, Timothy F and Alvarez, George A and Oliva, Aude}
,	journal	= {Journal of experimental psychology. General}
,	journal-iso	= {J Exp Psychol Gen}
,	volume	= {139}
,	number	= {3}
,	year	= {2010}
,	month	= {8}
,	pages	= {558--78}
,	pmid	= {20677899}
}

@inproceedings{NIPS12_Khosla,
 author = "Aditya Khosla and Jianxiong Xiao and Antonio Torralba and Aude Oliva",
 title = "Memorability of Image Regions",
 booktitle = "Advances in Neural Information Processing Systems (NIPS)",
 year = 2012,
 month = 12,
 address = "Lake Tahoe, USA"
}

@INPROCEEDINGS{ICCV15_Khosla,
  author={Khosla, Aditya and Raju, Akhil S. and Torralba, Antonio and Oliva, Aude},
  booktitle={2015 IEEE International Conference on Computer Vision (ICCV)}, 
  title={Understanding and Predicting Image Memorability at a Large Scale}, 
  year={2015},
  volume={},
  number={},
  pages={2390-2398},
}

@misc{ronneberger2015unet,
      title={U-Net: Convolutional Networks for Biomedical Image Segmentation}, 
      author={Olaf Ronneberger and Philipp Fischer and Thomas Brox},
      year={2015},
      eprint={1505.04597},
      archivePrefix={arXiv},
      primaryClass={cs.CV}
}

@misc{goodfellow2014generative,
      title={Generative Adversarial Networks}, 
      author={Ian J. Goodfellow and Jean Pouget-Abadie and Mehdi Mirza and Bing Xu and David Warde-Farley and Sherjil Ozair and Aaron Courville and Yoshua Bengio},
      year={2014},
      eprint={1406.2661},
      archivePrefix={arXiv},
      primaryClass={stat.ML}
}

@misc{ho2020denoising,
      title={Denoising Diffusion Probabilistic Models}, 
      author={Jonathan Ho and Ajay Jain and Pieter Abbeel},
      year={2020},
      eprint={2006.11239},
      archivePrefix={arXiv},
      primaryClass={cs.LG}
}

@misc{isola2018imagetoimage,
      title={Image-to-Image Translation with Conditional Adversarial Networks}, 
      author={Phillip Isola and Jun-Yan Zhu and Tinghui Zhou and Alexei A. Efros},
      year={2018},
      eprint={1611.07004},
      archivePrefix={arXiv},
      primaryClass={cs.CV}
}

@misc{saharia2022palette,
      title={Palette: Image-to-Image Diffusion Models}, 
      author={Chitwan Saharia and William Chan and Huiwen Chang and Chris A. Lee and Jonathan Ho and Tim Salimans and David J. Fleet and Mohammad Norouzi},
      year={2022},
      eprint={2111.05826},
      archivePrefix={arXiv},
      primaryClass={cs.CV}
}

@inproceedings{NIPS2012_c399862d,
 author = {Krizhevsky, Alex and Sutskever, Ilya and Hinton, Geoffrey E},
 booktitle = {Advances in Neural Information Processing Systems},
 editor = {F. Pereira and C.J. Burges and L. Bottou and K.Q. Weinberger},
 pages = {},
 publisher = {Curran Associates, Inc.},
 title = {ImageNet Classification with Deep Convolutional Neural Networks},
 url = {https://proceedings.neurips.cc/paper_files/paper/2012/file/c399862d3b9d6b76c8436e924a68c45b-Paper.pdf},
 volume = {25},
 year = {2012}
}

@misc{dai2016rfcn,
      title={{R-FCN}: Object Detection via Region-based Fully Convolutional Networks}, 
      author={Jifeng Dai and Yi Li and Kaiming He and Jian Sun},
      year={2016},
      eprint={1605.06409},
      archivePrefix={arXiv},
      primaryClass={cs.CV}
}

@misc{dhariwal2021diffusion,
      title={Diffusion Models Beat {GANs} on Image Synthesis}, 
      author={Prafulla Dhariwal and Alex Nichol},
      year={2021},
      eprint={2105.05233},
      archivePrefix={arXiv},
      primaryClass={cs.LG}
}

@misc{song2020generative,
      title={Generative Modeling by Estimating Gradients of the Data Distribution}, 
      author={Yang Song and Stefano Ermon},
      year={2020},
      eprint={1907.05600},
      archivePrefix={arXiv},
      primaryClass={cs.LG}
}

@misc{song2022denoising,
      title={Denoising Diffusion Implicit Models}, 
      author={Jiaming Song and Chenlin Meng and Stefano Ermon},
      year={2022},
      eprint={2010.02502},
      archivePrefix={arXiv},
      primaryClass={cs.LG}
}

@misc{nichol2021improved,
      title={Improved Denoising Diffusion Probabilistic Models}, 
      author={Alex Nichol and Prafulla Dhariwal},
      year={2021},
      eprint={2102.09672},
      archivePrefix={arXiv},
      primaryClass={cs.LG}
}

@misc{song2021scorebased,
      title={Score-Based Generative Modeling through Stochastic Differential Equations}, 
      author={Yang Song and Jascha Sohl-Dickstein and Diederik P. Kingma and Abhishek Kumar and Stefano Ermon and Ben Poole},
      year={2021},
      eprint={2011.13456},
      archivePrefix={arXiv},
      primaryClass={cs.LG}
}

@misc{brock2019large,
      title={Large Scale {GAN} Training for High Fidelity Natural Image Synthesis}, 
      author={Andrew Brock and Jeff Donahue and Karen Simonyan},
      year={2019},
      eprint={1809.11096},
      archivePrefix={arXiv},
      primaryClass={cs.LG}
}

@misc{karras2019stylebased,
      title={A Style-Based Generator Architecture for Generative Adversarial Networks}, 
      author={Tero Karras and Samuli Laine and Timo Aila},
      year={2019},
      eprint={1812.04948},
      archivePrefix={arXiv},
      primaryClass={cs.NE}
}

@misc{chen2023importance,
      title={On the Importance of Noise Scheduling for Diffusion Models}, 
      author={Ting Chen},
      year={2023},
      eprint={2301.10972},
      archivePrefix={arXiv},
      primaryClass={cs.CV}
}

@misc{brock2019large,
      title={Large Scale {GAN} Training for High Fidelity Natural Image Synthesis}, 
      author={Andrew Brock and Jeff Donahue and Karen Simonyan},
      year={2019},
      eprint={1809.11096},
      archivePrefix={arXiv},
      primaryClass={cs.LG}
}

@misc{zhao2020differentiable,
      title={Differentiable Augmentation for Data-Efficient {GAN} Training}, 
      author={Shengyu Zhao and Zhijian Liu and Ji Lin and Jun-Yan Zhu and Song Han},
      year={2020},
      eprint={2006.10738},
      archivePrefix={arXiv},
      primaryClass={cs.CV}
}

@misc{arjovsky2017wasserstein,
      title={Wasserstein {GAN}}, 
      author={Martin Arjovsky and Soumith Chintala and LÃ©on Bottou},
      year={2017},
      eprint={1701.07875},
      archivePrefix={arXiv},
      primaryClass={stat.ML}
}

@misc{pix2pixwasserstein,
      title={Wasserstein {GANs} for image-to-image translation}, 
      author={Noah Makow},
      year={2018}
}

@misc{zhou2020unet,
      title={UNet++: Redesigning Skip Connections to Exploit Multiscale Features in Image Segmentation}, 
      author={Zongwei Zhou and Md Mahfuzur Rahman Siddiquee and Nima Tajbakhsh and Jianming Liang},
      year={2020},
      eprint={1912.05074},
      archivePrefix={arXiv},
      primaryClass={eess.IV}
}

@article{Qin_2020,
	year = 2020,
	month = 10,
	publisher = {Elsevier {BV}},
	volume = {106},
	pages = {107404},
	author = {Xuebin Qin and Zichen Zhang and Chenyang Huang and Masood Dehghan and Osmar R. Zaiane and Martin Jagersand},
	title = {{U2-Net}: Going deeper with nested {U-structure} for salient object detection},
	journal = {Pattern Recognition}
}

@misc{sohldickstein2015deep,
      title={Deep Unsupervised Learning using Nonequilibrium Thermodynamics}, 
      author={Jascha Sohl-Dickstein and Eric A. Weiss and Niru Maheswaranathan and Surya Ganguli},
      year={2015},
      eprint={1503.03585},
      archivePrefix={arXiv},
      primaryClass={cs.LG}
}

@misc{zhu2020unpaired,
      title={Unpaired Image-to-Image Translation using Cycle-Consistent Adversarial Networks}, 
      author={Jun-Yan Zhu and Taesung Park and Phillip Isola and Alexei A. Efros},
      year={2020},
      eprint={1703.10593},
      archivePrefix={arXiv},
      primaryClass={cs.CV}
}

@misc{goodfellow2017nips,
      title={{NIPS} 2016 Tutorial: Generative Adversarial Networks}, 
      author={Ian Goodfellow},
      year={2017},
      eprint={1701.00160},
      archivePrefix={arXiv},
      primaryClass={cs.LG}
}

@misc{PytorchPix2Pix,
  author = {Jun-Yan Zhu, Taesung Park, Tongzhou Wang},
  title = {{CycleGAN} and pix2pix in {PyTorch}},
  publisher = {GitHub},
  journal = {GitHub repository},
  url = {https://github.com/junyanz/pytorch-CycleGAN-and-pix2pix},
  year = {2023},
  note = {Commit 9f8f61e}
}

@misc{JanspiryPalette,
  author = {Liangwei Jiang},
  title = {Palette: Image-to-Image Diffusion Models},
  publisher = {GitHub},
  journal = {GitHub repository},
  url = {https://github.com/Janspiry/Palette-Image-to-Image-Diffusion-Models},
  year = {2022},
  note = {Commit 136b29f}
}

@misc{ramesh2022hierarchical,
      title={Hierarchical Text-Conditional Image Generation with {CLIP} Latents}, 
      author={Aditya Ramesh and Prafulla Dhariwal and Alex Nichol and Casey Chu and Mark Chen},
      year={2022},
      eprint={2204.06125},
      archivePrefix={arXiv},
      primaryClass={cs.CV}
}

@misc{saharia2022photorealistic,
      title={Photorealistic Text-to-Image Diffusion Models with Deep Language Understanding}, 
      author={Chitwan Saharia and William Chan and Saurabh Saxena and Lala Li and Jay Whang and Emily Denton and Seyed Kamyar Seyed Ghasemipour and Burcu Karagol Ayan and S. Sara Mahdavi and Rapha Gontijo Lopes and Tim Salimans and Jonathan Ho and David J Fleet and Mohammad Norouzi},
      year={2022},
      eprint={2205.11487},
      archivePrefix={arXiv},
      primaryClass={cs.CV}
}

@misc{dastin_2018, 
      title={Amazon scraps secret {AI} recruiting tool that showed bias against women}, 
      url={https://www.reuters.com/article/idUSKCN1MK08G}, 
      journal={Reuters}, 
      publisher={Thomson Reuters}, 
      author={Dastin, Jeffrey}, 
      year={2018}, 
      month={10}
} 

@misc{najibi_2020, 
      title={Racial discrimination in face recognition technology}, 
      url={https://sitn.hms.harvard.edu/flash/2020/racial-discrimination-in-face-recognition-technology/}, 
      journal={Science in the News}, 
      author={Najibi, Alex}, 
      year={2020}, 
      month={10}
} 

@inproceedings{alexnet,
 author = {Krizhevsky, Alex and Sutskever, Ilya and Hinton, Geoffrey E},
 booktitle = {Advances in Neural Information Processing Systems},
 editor = {F. Pereira and C.J. Burges and L. Bottou and K.Q. Weinberger},
 pages = {},
 publisher = {Curran Associates, Inc.},
 title = {ImageNet Classification with Deep Convolutional Neural Networks},
 url = {https://proceedings.neurips.cc/paper_files/paper/2012/file/c399862d3b9d6b76c8436e924a68c45b-Paper.pdf},
 volume = {25},
 year = {2012}
}

@misc{wang2023internimage,
      title={{InternImage}: Exploring Large-Scale Vision Foundation Models with Deformable Convolutions}, 
      author={Wenhai Wang and Jifeng Dai and Zhe Chen and Zhenhang Huang and Zhiqi Li and Xizhou Zhu and Xiaowei Hu and Tong Lu and Lewei Lu and Hongsheng Li and Xiaogang Wang and Yu Qiao},
      year={2023},
      eprint={2211.05778},
      archivePrefix={arXiv},
      primaryClass={cs.CV}
}

% VIDEO MEMORABILITY

@article{HASSONNeurocinematics,
author = {Hasson, Uri and Landesman, Ohad and Knappmeyer, Barbara and Vallines, Ignacio and Rubin, Nava and Heeger, David},
year = {2008},
month = {06},
pages = {1-26},
title = {Neurocinematics: The Neuroscience of Film},
volume = {2},
journal = {Projections},
}

@article{HASSON2008,
title = {Enhanced Intersubject Correlations during Movie Viewing Correlate with Successful Episodic Encoding},
journal = {Neuron},
volume = {57},
number = {3},
pages = {452-462},
year = {2008},
issn = {0896-6273},
url = {https://www.sciencedirect.com/science/article/pii/S0896627307010082},
author = {Uri Hasson and Orit Furman and Dav Clark and Yadin Dudai and Lila Davachi},
}

@article{HASSON2004,
author = {Uri Hasson  and Yuval Nir  and Ifat Levy  and Galit Fuhrmann  and Rafael Malach },
title = {Intersubject Synchronization of Cortical Activity During Natural Vision},
journal = {Science},
volume = {303},
number = {5664},
pages = {1634-1640},
year = {2004},
URL = {https://www.science.org/doi/abs/10.1126/science.1089506},
eprint = {https://www.science.org/doi/pdf/10.1126/science.1089506},
}

@ARTICLE{fMRIPredictions,
  author={Han, Junwei and Chen, Changyuan and Shao, Ling and Hu, Xintao and Han, Jungong and Liu, Tianming},
  journal={IEEE Transactions on Cybernetics}, 
  title={Learning Computational Models of Video Memorability from {fMRI} Brain Imaging}, 
  year={2015},
  volume={45},
  number={8},
  pages={1692-1703},
}