@inproceedings{Isola2011,
    author="Phillip Isola and Jianxiong Xiao and Antonio Torralba and Aude Oliva", 
    title="What makes an image memorable?", 
    booktitle="IEEE Conference on Computer Vision and Pattern Recognition (CVPR)", 
    year="2011",
    pages="145-152"
}

@inproceedings{IsolaParikhTorralbaOliva2011,
   author="Phillip Isola and Devi Parikh and Antonio Torralba and Aude Oliva", 
   title="Understanding the intrinsic memorability of images", 
   booktitle="Advances in Neural Information Processing Systems", 
   year="2011"
}

@online{BBCDress2015, 
    title={Optical illusion: Dress colour debate goes global}, 
    url={https://www.bbc.com/news/uk-scotland-highlands-islands-31656935}, 
    author={BBC},
    journal={BBC News}, 
    publisher={BBC}, 
    year={2015}, 
    month={Feb}
} 

@online{gambino_2012,
    author={Gambino, Megan},  
    title={Lunch atop a skyscraper photograph: The story behind the famous shot}, 
    journal={Smithsonian Magazine}, 
    publisher={Smithsonian Institution}, 
    year={2012}, 
    month={Sep},
    day={19},
    url={https://www.smithsonianmag.com/history/lunch-atop-a-skyscraper-photograph-the-story-behind-the-famous-shot-43931148/},
} 

@inproceedings{ICCV15_Khosla,
 author = "Aditya Khosla and Akhil S. Raju and Antonio Torralba and Aude Oliva",
 title = "Understanding and Predicting Image Memorability at a Large Scale",
 booktitle = "International Conference on Computer Vision (ICCV)",
 year = "2015"
}

@article{isola2014memorability,
  title={What makes a photograph memorable?},
  author={Isola, Phillip and Xiao, Jianxiong and Parikh, Devi and Torralba, Antonio and Oliva, Aude},
  journal={Pattern Analysis and Machine Intelligence, IEEE Transactions on},
  volume={36},
  number={7},
  pages={1469--1482},
  year={2014},
  publisher={IEEE}
}

@ARTICLE{VischemaPaper,
  author={Akagunduz, Erdem and Bors, Adrian G. and Evans, Karla K.},
  journal={IEEE Transactions on Pattern Analysis and Machine Intelligence}, 
  title={Defining Image Memorability Using the Visual Memory Schema}, 
  year={2020},
  volume={42},
  number={9},
  pages={2165-2178},
  doi={10.1109/TPAMI.2019.2914392}
}
